@article{CO2,
  title={An integrative approach to robust design and probabilistic risk assessment for {CO2} storage in geological formations},
  author={Oladyshkin, S. and Class, H. and Helmig, R. and Nowak, W.},
  journal={Computational Geosciences},
  volume={15},
  pages={565--577},
  year={2011},
  publisher={Springer Netherlands}
}

@phdthesis{FF,
  author       = {Franzelin, F.},
  title        = {Data-Driven Uncertainty Quantification for Large-Scale Simulations},
  school       = {University of Stuttgart},
  year         = 2017,
  month        = 09,
}
